<record><leader>00000cas a22000007a 4500</leader><controlfield tag="001">20397408</controlfield><controlfield tag="008">890926d19121913nduwr ne      0    0eng d</controlfield><datafield ind1=" " ind2=" " tag="010"><subfield code="a">sn 89074289 </subfield></datafield><datafield ind1=" " ind2=" " tag="040"><subfield code="a">NOP</subfield><subfield code="b">eng</subfield><subfield code="c">NOP</subfield><subfield code="d">OCLCQ</subfield></datafield><datafield ind1=" " ind2=" " tag="042"><subfield code="a">msc</subfield></datafield><datafield ind1="0" ind2="4" tag="245"><subfield code="a">The Spiritwood bugle.</subfield></datafield><datafield ind1=" " ind2=" " tag="260"><subfield code="a">Spiritwood, Stutsman County, N.D. :</subfield><subfield code="b">Fred Dunwell</subfield></datafield><datafield ind1=" " ind2=" " tag="300"><subfield code="a">1 v. :</subfield><subfield code="b">ill. ;</subfield><subfield code="c">53 cm.</subfield></datafield><datafield ind1=" " ind2=" " tag="310"><subfield code="a">Weekly</subfield></datafield><datafield ind1="0" ind2=" " tag="362"><subfield code="a">Vol. 1, no. 1 (May 23, 1912)-v. 1, no. 45 (June 19, 1913).</subfield></datafield><datafield ind1=" " ind2=" " tag="530"><subfield code="a">Available on microfilm from the State Historical Society of North Dakota.</subfield></datafield><datafield ind1=" " ind2=" " tag="580"><subfield code="a">Issued with: Courtenay gazette.</subfield></datafield><datafield ind1=" " ind2=" " tag="752"><subfield code="a">United States</subfield><subfield code="b">North Dakota</subfield><subfield code="c">Stutsman</subfield><subfield code="d">Spiritwood.</subfield></datafield><datafield ind1="1" ind2=" " tag="777"><subfield code="t">Courtenay gazette</subfield><subfield code="w">(DLC)sn 89074288</subfield></datafield></record>